<record><leader>00000cas a2200000 a 4500</leader><controlfield tag="001">14351779</controlfield><controlfield tag="007">hd afv---baca</controlfield><controlfield tag="007">hd bfv---baaa</controlfield><controlfield tag="007">hd bfv---baba</controlfield><controlfield tag="008">861007d18361901vauwr nea     0    0eng c</controlfield><datafield ind1=" " ind2=" " tag="010"><subfield code="a">   00221987 </subfield></datafield><datafield ind1=" " ind2=" " tag="040"><subfield code="a">VA@</subfield><subfield code="b">eng</subfield><subfield code="c">VA@</subfield><subfield code="d">ATL</subfield><subfield code="d">OCLCQ</subfield><subfield code="d">OCLCF</subfield><subfield code="d">OCLCO</subfield><subfield code="d">OCLCQ</subfield></datafield><datafield ind1=" " ind2=" " tag="042"><subfield code="a">pcc</subfield></datafield><datafield ind1=" " ind2=" " tag="043"><subfield code="a">n-us-va</subfield></datafield><datafield ind1="1" ind2="4" tag="050"><subfield code="a">BX8391</subfield></datafield><datafield ind1="0" ind2=" " tag="130"><subfield code="a">Richmond Christian advocate (Richmond, Va. : 1836)</subfield></datafield><datafield ind1="1" ind2="0" tag="245"><subfield code="a">Richmond Christian advocate.</subfield></datafield><datafield ind1="1" ind2="3" tag="246"><subfield code="a">Advocate</subfield></datafield><datafield ind1="1" ind2="3" tag="246"><subfield code="a">Christian advocate</subfield></datafield><datafield ind1=" " ind2=" " tag="260"><subfield code="a">Richmond, Va. :</subfield><subfield code="b">W.A. Smith, M. Brock, and J. Early,</subfield><subfield code="c">-1901.</subfield></datafield><datafield ind1=" " ind2=" " tag="300"><subfield code="a">volumes ;</subfield><subfield code="c">65 cm</subfield></datafield><datafield ind1=" " ind2=" " tag="310"><subfield code="a">Weekly</subfield></datafield><datafield ind1=" " ind2=" " tag="336"><subfield code="a">text</subfield><subfield code="b">txt</subfield><subfield code="2">rdacontent</subfield></datafield><datafield ind1=" " ind2=" " tag="337"><subfield code="a">microform</subfield><subfield code="b">h</subfield><subfield code="2">rdamedia</subfield></datafield><datafield ind1=" " ind2=" " tag="338"><subfield code="a">microfilm reel</subfield><subfield code="b">hd</subfield><subfield code="2">rdacarrier</subfield></datafield><datafield ind1="1" ind2=" " tag="362"><subfield code="a">Began in 1936.</subfield></datafield><datafield ind1="0" ind2=" " tag="362"><subfield code="a">; new ser., v. 1, no. 1 (Jan. 3, 1867)-new ser., v. 36, no. 6 (Feb. 28, 1901).</subfield></datafield><datafield ind1=" " ind2=" " tag="500"><subfield code="a">Publisher varies: Rev. W.W. Bennett, &lt;Jan. 3, 1867&gt;-July 9, 1874 ; Bennett &amp; Lafferty, July 16, 1874-Feb. 14, 1870 ; John S. Lafferty, Feb. 21, 1878-</subfield></datafield><datafield ind1=" " ind2=" " tag="515"><subfield code="a">Issues for Jan. 3-June 20, 1867 called also whole no. 1733-whole no. 1757.</subfield></datafield><datafield ind1=" " ind2=" " tag="515"><subfield code="a">Issues for 1885 called v. 19 and v. 20, but constitute v. 19.</subfield></datafield><datafield ind1=" " ind2=" " tag="550"><subfield code="a">Organ of: The Virginia Conference of the Methodist Episcopal Church, South.</subfield></datafield><datafield ind1="8" ind2=" " tag="555"><subfield code="a">Revised index to obituaries, tributes of respect and articles in memoriam appearing in: Virginia Conference sentinel, 1836-1837; and Richmond Christian advocate, 1847-1848, 1867-1885, 1887-1899.</subfield></datafield><datafield ind1=" " ind2=" " tag="580"><subfield code="a">According to Cappon the title was preceded by the Christian sentinel, &lt;1832&gt; and the Methodist Christian sentinel, &lt;1835&gt;.</subfield></datafield><datafield ind1=" " ind2=" " tag="580"><subfield code="a">Merged with Baltimore Christian advocate, to form: Baltimore and Richmond Christian advocate.</subfield></datafield><datafield ind1=" " ind2=" " tag="588"><subfield code="a">Description based on: New ser., v. 1, no. 1 (Jan. 3, 1867) = whole no. 1733.</subfield></datafield><datafield ind1=" " ind2=" " tag="533"><subfield code="a">Microfilm.</subfield><subfield code="m">new ser., v.1-36 (1867-1901):[Gaps]</subfield><subfield code="b">Evanston, Ill. :</subfield><subfield code="c">American Theological Library Association,</subfield><subfield code="d">1979.</subfield><subfield code="e">14 microfilm reels ; 35 mm.</subfield><subfield code="f">(ATLA serials preservation program ; ATLA film S0331A).</subfield><subfield code="n">Reel 1 contains "Revised index ..." Reel 14 includes some issues of: Baltimore and Richmond Christian advocate.</subfield></datafield><datafield ind1=" " ind2="0" tag="650"><subfield code="a">Methodists</subfield><subfield code="z">Virginia</subfield><subfield code="v">Newspapers.</subfield></datafield><datafield ind1="2" ind2="0" tag="610"><subfield code="a">Methodist Episcopal Church, South.</subfield><subfield code="b">Virginia Conference</subfield><subfield code="v">Newspapers.</subfield></datafield><datafield ind1=" " ind2="0" tag="651"><subfield code="a">Richmond (Va.)</subfield><subfield code="v">Newspapers.</subfield></datafield><datafield ind1=" " ind2="0" tag="650"><subfield code="a">Methodist Church</subfield><subfield code="v">Newspapers.</subfield></datafield><datafield ind1="2" ind2="7" tag="610"><subfield code="a">Methodist Episcopal Church, South.</subfield><subfield code="b">Virginia Conference.</subfield><subfield code="2">fast</subfield><subfield code="0">(OCoLC)fst00759891</subfield></datafield><datafield ind1=" " ind2="7" tag="650"><subfield code="a">Methodist Church.</subfield><subfield code="2">fast</subfield><subfield code="0">(OCoLC)fst01018643</subfield></datafield><datafield ind1=" " ind2="7" tag="650"><subfield code="a">Methodists.</subfield><subfield code="2">fast</subfield><subfield code="0">(OCoLC)fst01018703</subfield></datafield><datafield ind1=" " ind2="7" tag="651"><subfield code="a">Virginia.</subfield><subfield code="2">fast</subfield><subfield code="0">(OCoLC)fst01204597</subfield></datafield><datafield ind1=" " ind2="7" tag="651"><subfield code="a">Virginia</subfield><subfield code="z">Richmond.</subfield><subfield code="2">fast</subfield><subfield code="0">(OCoLC)fst01205345</subfield></datafield><datafield ind1=" " ind2="7" tag="655"><subfield code="a">Newspapers.</subfield><subfield code="2">fast</subfield><subfield code="0">(OCoLC)fst01423814</subfield></datafield><datafield ind1="2" ind2=" " tag="710"><subfield code="a">Methodist Episcopal Church, South.</subfield><subfield code="b">Virginia Conference.</subfield></datafield><datafield ind1="1" ind2=" " tag="776"><subfield code="c">Original</subfield><subfield code="w">(DLC)sn 85038621</subfield><subfield code="w">(OCoLC)12872487</subfield></datafield><datafield ind1="0" ind2="0" tag="780"><subfield code="t">Christian sentinel</subfield></datafield><datafield ind1="1" ind2="7" tag="785"><subfield code="t">Baltimore Christian advocate</subfield></datafield><datafield ind1="1" ind2="7" tag="785"><subfield code="t">Baltimore and Richmond Christian advocate</subfield><subfield code="w">(DLC)   00221988</subfield><subfield code="w">(OCoLC)14351809</subfield></datafield><datafield ind1="1" ind2=" " tag="787"><subfield code="t">Methodist Christian sentinel</subfield></datafield><datafield ind1=" " ind2="0" tag="830"><subfield code="a">ATLA serials preservation program ;</subfield><subfield code="v">ATLA film S0331A.</subfield></datafield><datafield ind1="1" ind2=" " tag="029"><subfield code="a">AU@</subfield><subfield code="b">000022105595</subfield></datafield></record>